@inproceedings{ref:meu-artigo,
	author = {Ana Gabriela Silva and Emanuel da Silva and Giovana de Lucca and Letícia Passos and Matheus Matos and Elloá Guedes},
	year = {2017},
	title = {Classificação de Expressões Faciais Negativas na Língua Brasileira de Sinais},
	booktitle = {Anais do IV Encontro Regional de Informática da Região Norte I},
	address = {Manaus, Amazonas},
	pages = {80-88},
	publisher = {ERIN}
}

@book{ref:buduma,
	title = {Fundamentals of Deep Learning: Designing Next-Generation Machine Intelligence Algorithms},
	author = {Nikhil Buduma},
	editor = {O'Reilly Media},
	publisher = {O'Reilly Media},
	year = {2017},
	edition = {1},
	address = {Sebastopol, California}
}

@book{ref:chollet,
	title = {Deep Learning with Python},
	author = {Francois Chollet},
	editor = {Manning},
	publisher = {Manning},
	year = {2017},
	edition = {1},
	address = {Shelter Island, New York}
}

@book{ref:faceli,
	title = {Inteligência Artificial: Uma Abordagem de Aprendizado de Máquina},
	author = {Katti Faceli and Ana Carolina Lorena and João Gama and André de Carvalho},
	editor = {LTC},
	publisher = {LTC},
	year = {2011},
	edition = {1},
	address = {Rio de Janeiro, Rio de Janeiro}
}

@book{ref:gulli,
	title = {Deep Learning with Keras},
	author = {Antonio Gulli and Sujit Pal},
	editor = {Packt},
	publisher = {Packt},
	year = {2017},
	edition = {1},
	address = {Birmingham, West Midlands}
}

@book{ref:haykin,
	title = {Neural Networks and Learning Machines},
	author = {Simon S. Haykin},
	editor = {Pearson},
	publisher = {Perason},
	year = {2009},
	edition = {3},
	address = {Upper Saddle River, New Jersey}
}

@book{ref:rojas,
	title = {Neural Networks: A Systematic Introduction},
	author = {Raúl Rojas},
	editor = {Springer},
	publisher = {Springer},
	year = {1996},
	edition = {1},
	address = {Heidelberg, Berlin}
}

@book{ref:teresa,
	title = {Redes Neurais Artificiais: Teoria e Aplicações},
	author = {Antônio de Pádua Braga and André Ponce de Leon F. de Carvalho and Teresa Bernarda Ludermir},
	editor = {LTC},
	publisher = {LTC},
	year = {2007},
	edition = {2},
	address = {Rio de Janeiro, Rio de Janeiro}
}

@techreport{ref:rosenblatt,
	title = {Principles of Neurodynamics},
	subtitle = {Perceptrons and the Theory of Brain Mechanisms},
	author = {Frank Rosenblat},
	pages = {626},
	year = {1961},
	address = {Washington, DC}
	
}

@misc{ref:patrick-tcc,
	author={Patrick Magalhães de Lima},
	howpublished={Trabalho de Conclusão de Curso da Universidade do Estado do Amazonas},
	title={Redes Neurais para Predição de Séries Temporais de Precipitação em Manaus, Amazonas},
	year={2016},
	month = {Dezembro},
	note = {Universidade do Estado do Amazonas}
}

@misc{ref:vitor-tcc,
	author={Vitor Arins Pinto},
	howpublished={Trabalho de Conclusão de Curso da Universidade Federal de Santa Catarina},
	title={Redes Neurais Convolucionais de Profundidade para Reconhecimento de Textos em Imagens CAPTCHA},
	year={2016},
	month = {Dezembro},
	note = {Universidade Federal de Santa Catarina}
}

@inbook{ref:JAI-2017,
	author = {Flávia Delicato and Paulo Pires and Ismar Silveira},
	title = {Jornada de {A}tualização em {I}nformática 2017},
	booktitle = {Congresso da Sociedade Brasileira de Computação},
	chapter = {6},
	pages = {212-260},
	publisher = {SBC},
	organization = {CSBC},
	year = {2017},
	address = {Porto Alegre, Rio Grande do Sul},
	month = {Julho}
}

@article{ref:cybenko,
	author = {George Cybenko},
	title = {Approximation by superpositions of a sigmoidal function},
	journal = {Mathematics of Control, Signals, and Systems},
	year = {1989},
	volume = {2},
	pages = {303-314},
	month = {December}
}

@masterthesis{ref:apl-caracteres,
	author = {Carlos Eduardo Sousa de Carvalho},
	title = {Reconhecimento de Caracteres Manuscritos Utilizando Redes Neurais Artificiais},
	publisher = {Centro Universitário de Brasília},
	month = {Novembro},
	year = {2006},
	address = {Brasília, Distrito Federal}
}

@masterthesis{ref:apl-robotica,
	author = {Renato Tinos},
	title = {Detecção e Diagnóstico de Falhas em Robôs Manipuladores via Redes Neurais Artificiais},
	publisher = {Universidade de São Paulo},
	address = {São Carlos, São Paulo},
	year = {1999}
}

@masterthesis{ref:apl-jogos,
	author = {Gutierrez Soares Caexeta},
	title = {VisionDraughts - Um Sistema de Aprendizagem de Jogos de Damas em Redes Neurais, Diferenças Temporais, Algoritmos Eficientes de Busca em Árvore e Informações Perfeitas Contidas em Bases de Dados},
	school = {Universidade Federal de Uberlândia},
	address = {Uberlândia, Minas Gerais},
	year = {2008},
	month = {Julho},
	publisher = {Universidade Federal de Uberlândia}
}

@inproceedings{ref:apl-diagnostico1,
	author = {Giovanni da Silva and Aristófanes Silva and Anselmo Paiva and Marcelo Gattass},
	year = {2016},
	title = {Classification of Malignancy of Lung Nodules in CT Images Using Convolutional Neural Network},
	booktitle = {Anais do XXXVI Congresso da Sociedade Brasileira de Computação},
	address = {Porto Alegre, Rio Grande do Sul},
	pages = {2481-2489},
	publisher = {CSBC}
}

@inproceedings{ref:apl-diagnostico2,
	author = {Roberto Pereira and Caio Matos and João Diniz and Geraldo Braz Junior and João de Almeida and Aristófanes Silva and Anselmo Paiva},
	year = {2016},
	title = {Abordagem Deep Learning para Classificação de Lesões Mamárias},
	booktitle = {Anais do XXXVI Congresso da Sociedade Brasileira de Computação},
	address = {Porto Alegre, Rio Grande do Sul},
	pages = {2597-2600},
	publisher = {CSBC}
}

@inproceedings{ref:apl-clima1,
	author = {Rafaela Sousa and Liliana da Silva and Elloá B. Guedes and Maria Betânia de Oliveira},
	year = {2017},
	title = {Redes Neurais Artificais Aplicadas à Previsão Antecipada de Precipitações na Região Central de Manaus},
	booktitle = {Anais do IV Encontro Regional de Informática da Região Norte I},
	address = {Manaus, Amazonas},
	pages = {89-97},
	publisher = {ERIN}
}

@inproceedings{ref:apl-clima2,
	author = {Nicoli Araujo and Elloá B. Guedes and Maria Betânia de Oliveira and Rita Valéria Andreoli},
	year = {2017},
	title = {Previsão do Volume Mensal de Precipitações em Manaus, Amazonas com Redes Neurais Aritificiais},
	booktitle = {Anais do IV Encontro Regional de Informática da Região Norte I},
	address = {Manaus, Amazonas},
	pages = {108-116},
	publisher = {ERIN}
}

@book{ref:khan,
	title = {A Guide to Convolutional Neural Networks for Computer Vision},
	author = {Salman Khan and Hossein Rahmani and Syed Afaq Ali Shah and Mohammed Bennamoun},
	publisher = {Morgan and Claypool},
	year = {2018},
	series = {Synthesis Lectures on Computer Vision},
	edition = {1},
	volume ={1},
	address= {Australia}
}

@book{ref:goodfellow,
	title =     {Deep Learning},
	author =    {Ian Goodfellow and Yoshua Bengio and Aaron Courville},
	publisher = {The MIT Press},
	year =      {2016},
	series =    {Adaptive computation and machine learning series},
	edition =   {1},
	volume =    {1},
	address = {Cambridge, Massachsetts}
}

@book{ref:sewak,
	title = {Pratical Convolutional Neural Networks},
	author = {Mohit Sewak and Rezaul Karim and Pradeep Pujari},
	editor = {Packt},
	publisher = {Packt},
	year = {2018},
	edition = {1},
	address = {Birmingham, West Midlands}
}

@electronic{ref:MNIST,
	title = {THE MNIST DATABASE of handwritten digits},
	author = {MNIST},
	Month = {Maio},
	Year = {2018},
	note = {Disponível em \url{http://yann.lecun.com/exdb/mnist/}. Acesso em \today.}
}

@electronic{ref:image-net,
	title = {ImageNet},
	author = {ImageNet},
	Month = {Maio},
	Year = {2018},
	note = {Disponível em \url{http://www.image-net.org/}. Acesso em \today.}
}

@electronic{ref:places205,
	title = {Places: the scene recognition database},
	author = {Places205},
	Month = {Maio},
	Year = {2018},
	note = {Disponível em \url{http://places.csail.mit.edu/}. Acesso em \today.}
}

@book{ref:yang,
	title = {Deep Learning and Convolutional Neural Networks for Medical Image Computing},
	author = {Le Lu and Yefeng Zheng and Gustavo Carneiro and Lin Yang},
	editor = {Springer International Publishing},
	publisher = {Springer},
	year = {2017},
	series =    {Advances in Computer Vision and Pattern Recognition},
	address = {Cham, Switzerland}
}

@book{ref:zaccone,
	title = {Deep Learning with TensorFlow},
	author = {Giancarlo Zaccone and Md. Rezaul Karim},
	editor = {Packt},
	publisher = {Packt},
	year = {2018},
	address = {Birmingham, West Midlands}
}

@article{ILSVRC,
	Author = {Olga Russakovsky and Jia Deng and Hao Su and Jonathan Krause and Sanjeev Satheesh and Sean Ma and Zhiheng Huang and Andrej Karpathy and Aditya Khosla and Michael Bernstein and Alexander C. Berg and Li Fei-Fei},
	Title = {{ImageNet Large Scale Visual Recognition Challenge}},
	Year = {2015},
	journal   = {International Journal of Computer Vision (IJCV)},
	volume={115},
	number={3},
	pages={211-252}
}

@book{ref:brink,
	author ={Henrik Brink and Joseph W. Richards and Mark Fetherolf},
	title = {Real-World Machine Learning},
	year = {2017},
	publisher = {Manning Publications},
	address= {New York, Estados Unidos}
}

@book{ref:marsland,
	author ={Stephen Marsland},
	title = {Machine Learning An Algorithmic Perspective},
	year = {2015},
	publisher = {Taylor and Francis},
	address= {Florida, Estados Unidos}
}

@electronic{lib:pillow,
	title = {Pillow},
	author = {PIL},
	Month = {Junho},
	Year = {2018},
	note = {Disponível em \url{https://pillow.readthedocs.io/en/5.1.x/handbook/overview.html}. Acesso em \today.}
}

@electronic{lib:numpy,
	title = {NumPy},
	author = {NumPy},
	Month = {Junho},
	Year = {2018},
	note = {Disponível em \url{http://www.numpy.org/}. Acesso em \today.}
}

@electronic{lib:colormath,
	title = {python-colormath},
	author = {Colormath},
	Month = {Junho},
	Year = {2018},
	note = {Disponível em \url{https://python-colormath.readthedocs.io/en/latest/}. Acesso em \today.}
}

@electronic{lib:os,
	title = {Miscellaneous operating system interfaces},
	author = {Os},
	Month = {Junho},
	Year = {2018},
	note = {Disponível em \url{https://docs.python.org/3/library/os.html}. Acesso em \today.}
}

@electronic{lib:glob,
	title = {Unix style pathname pattern expansion},
	author = {Glob},
	Month = {Junho},
	Year = {2018},
	note = {Disponível em \url{https://docs.python.org/3/library/glob.html}. Acesso em \today.}
}

@electronic{lib:scikit,
	title = {scikit-learn},
	author = {scikit-learn},
	Month = {Junho},
	Year = {2018},
	note = {Disponível em \url{http://scikit-learn.org/stable/index.html}. Acesso em \today.}
}

@electronic{lib:keras,
	title = {Keras: The Python Deep Learning library},
	author = {Keras},
	Month = {Junho},
	Year = {2018},
	note = {Disponível em \url{https://faroit.github.io/keras-docs/2.1.2/}. Acesso em \today.}
}

@book{ref:python,
	title =     {Python para Desenvolvedores},
	author =    {Luiz Eduardo Borges},
	publisher = {Novatec},
	year =      {2010},
	address = {Rio de Janeiro, Rio de Janeiro}
}

@electronic{tec:gcloud,
	title = {Google Cloud},
	author = {GCloud},
	Month = {Junho},
	Year = {2018},
	note = {Disponível em \url{https://cloud.google.com/}. Acesso em \today.}
}

@book{ref:galleti,
	title =     {Captura e tratamento de imagens},
	author =    {Luiz Sérgio Galleti and Rodrigo Venturini Soares},
	publisher = {SENAI-SP},
	address = {São Paulo, São Paulo},
	year =      {2016}
}

@inproceedings{ref:rel-zhang,
	title={Colorful Image Colorization},
	author={Richard Zhang and Phillip Isola and Alexei A Efros},
	booktitle={ECCV},
	publisher = {Cornell University Library},
	address = {Bekerley, California},
	year={2016}
}

@inproceedings{ref:rel-deshpande,
	author = {Aditya Deshpande and Jason Rock and David Forsyth},
	title  = {Learning Large-Scale Automatic Image Colorization},
	booktitle = {ICCV},
	publisher = {IEEE Xplore},
	address = {Urbana-Champaign, Illinois},
	year={2015}
}


@inproceedings{ref:rel-welsh,
	author = {Welsh, Tomihisa and Ashikhmin, Michael and Mueller, Klaus},
	title = {Transferring Color to Greyscale Images},
	booktitle = {Proceedings of the 29th Annual Conference on Computer Graphics and Interactive Techniques},
	year = {2002},
	pages = {277--280},
	publisher = {ACM},
	address = {New York, NY, USA}
}