@inproceedings{ref1:guedes,
	author = {Ana Gabriela Silva and Emanuel da Silva and Giovana de Lucca and Letícia Passos and Matheus Matos and Elloá Guedes},
	year = {2017},
	title = {Classificação de Expressões Faciais Negativas na Língua Brasileira de Sinais},
	booktitle = {Anais do IV Encontro Regional de Informática da Região Norte I},
	address = {Manaus, Amazonas},
	pages = {FALTANDO!},
	publisher = {ERIN}
}

@book{ref2:rojas,
	title = {Neural Networks: A Systematic Introduction},
	author = {Raúl Rojas},
	year = {1996},
	publisher = {Springer}
}

@article{ref3:lima,
	author = {Paula Letícia Lima and Helvio Seabra and Rian Lima and Rafael Oliveira and Ananias Neto},
	year = {2011},
	title = {Classificação de QoS em Conteúdo Multimídia para Rede VPN utilizando Rede Neural Multilayer Perceptron},
	school = {Universidade Federal do Pará}
}

@article{ref4:prego,
	author = {Dionísio Martins and Thiago Prego and Amaro Lima},
	year = {2016},
	title = {Classificação de Severidade de Falhas em Máquinas Rotativas usando \textit{Random Forest} e Redes Neurais Artificiais},
	school = {Centro Federal de Educação Tecnológica Celso Suckow da Fonseca}
}

@article{ref5:aguni,
	author = {Carlos Aguni and Alex Kawahira and Daniel Cordeiro},
	year = {2016},
	title = {Analise de Desempenho e Paralelização de Algoritmos para Redes Neurais Profundas},
	school = {Universidade de São Paulo}
}

@article{ref6:castro,
	author = {André Siqueira and Adriana Castro},
	year = {2016},
	title = {Reconhecimento de Atividades Humanas utilizando Redes Neurais Auto-associativas e dados de um \textit{Smartphone}},
	school = {Universidade Federal do Pará}
}

@article{ref7:duarte,
	author = {Pierre Padro and Amanda Prandini and Antonio Martins and Iolanda Duarte},
	year = {2014},
	title = {Aplicação de redes neurais artificiais no estudo simulado da degradação facultativa de detergentes},
	school = {Universidade Federal do Pará}
}

@article{ref8:filho,
	author = {Talita Lammoglia and Carlos Filho and Raimundo Filho},
	year = {2007},
	title = {Caracterização de microexsudações de hidrocarbonetos na Bacia do Tucano Norte (BA) por geoestatística, classifcação hiperespectral e redes neurais},
	school = {Universidade Estadual de Campinas}
}

@article{ref9:nobrega,
	author = {Rodrigo Nóbrega and Carlos Filho},
	year = {2003},
	title = {Análise Espacial Guiada pelos Dados (\textit{Data-Driven}): o Uso de Redes Neurais para Avaliação do Potencial Poli-Minerálico na Região Centro-Leste da Bahia},
	school = {Universidade Estadual de Campinas}
}


@book{ref10:faceli,
	title = {Inteligência Artificial: Uma Abordagem de Aprendizado de Máquina},
	author = {Katti Faceli and Ana Carolina Lorena and João Gama and André de Carvalho},
	year = {2011},
	publisher = {LTC}
}

@article{ref11:teive,
	author = {Daniel Soares and Raimundo Teive},
	year = {2015},
	title = {Previsão de Cheias do Rio Itajaí-Açu Utilizando Redes Neurais Artificiais},
	school = {Instituto Federal Catarinense}
}

@article{ref12:balieiro,
	author = {Andson Balieiro and Kelvin Dias and Adriana Castro and Elton Alves},
	year = {2010},
	title = {Handoff de Espectro em Redes Baseadas em Rádio Cognitivo Utilizando Redes Neurais Artificiais},
	school = {Universidade Federal do Pará}
}

@BOOK{Teresa:Livro,
  AUTHOR =       {Antônio de Pádua Braga and André Ponce de Leon F. de Carvalho and Teresa Bernarda Ludermir},
  editor =       {LTC},
    publisher =       {LTC},
  TITLE =        {Redes Neurais Artificiais: Teoria e Aplicações},
  YEAR =         {2007},
  edition =      {2},
  address= {Rio de Janeiro}
}
