@MastersThesis{Nicoli:relatorio,
author = {Nicoli Araújo and Elloá Guedes},
title = {Análise da Qualidade de Autômatos Celulares
para Geração de Números Pseudo-Aleatórios},
school = {Universidade do Estado do Amazonas, Escola Superior de Tecnologia},
year = {2015},
}

@Book{Daniel:python,
author = {Daniel Gouveia Costa},
title = {Administração de Redes com scripts: Bash Script, Python e VBScript},
publisher = {Brasport},
year = {2007},
}

@misc{Applications:python,
author = {{Python}},
title = {Applications for Python},
year = {2015},
howpublished = {https://www.python.org/about/apps/},
}

@Book{Roberto:interface,
author = {Roberto Rubistein Serson},
title = {Programação orientada a objetos com Java 6},
publisher = {Brasport},
year = {2007},
}

@book{PRS:interface,
title = {Interaction design: beyond human-computer interaction},
author = {Jenny Preece and Yvonne Rogers and Helen Sharp},
publisher = {J. Wiley and Sons},
year = {2002},
}

@MastersThesis{Nuno:Qt,
author = {Nuno Marco Silva Machado},
title = {Framework Cnoti3D},
school = {Instituto Politécnico de Coimbra},
year = {2010}
}

@Book{Harwani:PyQt,
author = {Bintu Harwani},
title = {Introduction to Python$^\circledR$ Programming and Developing GUI Applications with PyQT},
publisher = {Stacy L. Hiquet},
year = {2012},
}

@MastersThesis{Gledson:automatos,
author = {Gledson Melotti},
title = {Aplicação de Autômatos Celulares em Sistemas Complexos: Um Estudo de Caso em Espalhamento de Epidemias},
school = {Universidade Federal de Minas Gerais},
year = {2009},
}

@book{Jose:automatos,
title={MEGADIVERSIDADE: Modelagem ambiental e conservação da biodiversidade},
author={José Maria Cardoso da Silva},
year={2007},
publisher={Conservação Internacional},
}

@book{Wolfram:automatos,
title={A new kind of science},
author={Stephen Wolfram},
year={2002},
publisher={Wolfram media Champaign},
}